
@article{cirimwami_changement_nodate,
	title = {Changement climatique et production agricole dans la région du Sud-Kivu montagneux à l’Est de la {RD} Congo},
	abstract = {In the {DR} Congo and more particularly in the Center-Eastern part, the populations of both urban and rural areas are experiencing signs such as the late and sometimes sudden return of rains, high temperatures, unusual drought and a disruption of the agricultural calendar. This study consisted of analyzing meteorological data from 1980 to 2016 in the Bukavu region around Lake Kivu; changes in the water levels of this lake, yield of cassava, beans, corn and potatoes from 1992 to 2015 to determine if there have been climatic disturbances and their consequences in agriculture. These data were coupled with those of a survey of 90 households to analyze their perceptions of climate change and resilience practices. The results show that the majority of crops in Central - East {DRC} suffer from biotic and / or abiotic stresses due to the effectiveness of climatic disturbances. The component factor analysis of the evolution of the agricultural yield of the four crops testifies that climatic changes have partial impact on yields with consequences the appearance of poorly controlled diseases of some plants, an everdecreasing diminution of the agricultural production, the persistence of malnutrition in households, etc. The resilience strategies developed by households are the adoption of the Integrated Management of Soil Fertility package and the reorganization of the agricultural calendar.},
	author = {Cirimwami, Jean-Pierre Kashangabuye and Ramananarivo, Sylvain and Mutabazi, Augustin Ngaboyeka and Bisimwa, Espoir Basengere and Ramananarivo, Romaine and Razafiarijaona, Jules},
	langid = {french},
	file = {PDF:C\:\\Users\\STEEVE\\Zotero\\storage\\CGIVKWDQ\\Cirimwami et al. - Changement climatique et production agricole dans la région du Sud-Kivu montagneux à l’Est de la RD.pdf:application/pdf},
}

@article{bagula_efficience_2013,
	title = {Efficience des techniques de gestion de l’eau et de fertilité des sols sur le rendement du maïs dans les régions semi-arides : cas de la plaine de la Ruzizi (Sud-Kivu, République Démocratique du Congo)},
	volume = {Hors-série 17},
	rights = {https://creativecommons.org/licenses/by-nc-nd/4.0/},
	issn = {1492-8442},
	url = {https://journals.openedition.org/vertigo/13922},
	doi = {10.4000/vertigo.13922},
	shorttitle = {Efficience des techniques de gestion de l’eau et de fertilité des sols sur le rendement du maïs dans les régions semi-arides},
	abstract = {L’efficience de l’utilisation de l’eau dans les régions sèches pose actuellement de sérieux problèmes aux producteurs dans le contexte de changement climatique et de sécurité alimentaire. Ces dernières années, les régions agricoles comme la plaine de la Ruzizi sont aussi victime de cette situation. Des mesures d’adaptation à travers les technologies de gestion de l’eau offrent des opportunités pour garantir la production par les agriculteurs. Ainsi, des essais ont été conduits dans l’objectif de trouver les technologies les mieux adaptées et les plus efficientes pour garantir une utilisation efficiente de l’eau. Une gestion des pratiques locales et des éléments nutritifs a servi à améliorer l’efficacité d’utilisation de l’eau (water usage effectiveness, {WUE}). Ainsi, le rendement et l’efficience de l’utilisation de l’eau et des éléments nutritifs ont été étudiés. Les résultats montrent que la technique de Tied Ridges a augmenté le rendement d’environ 200 \% alors que le Zaï a augmenté le rendement d’environ 150 \%. Le Tied Ridges et le Zaï ont respectivement augmenté l’efficience de l’eau et des éléments nutritifs de 120 \% et 105 \%. De plus, contrairement à la pratique locale, ces technologies ont bien contrôlé les mauvaises herbes d’où la nécessité de les promouvoir dans ce milieu à faible pluviométrie.
          , 
            The efficiency of water use in dryland zones is becoming a crucial problem for small-scale farmers in context of food security and climate change context. Farming regions like Ruzizi valley are hotspots for such problems in actual period. Adaptation mechanisms through relevant water use technologies management may offer some opportunities to guarantee sound farming yields. Agricultural tests have been driven in order to figure out better and fit technologies on efficient water use. A combination of local good practices and nutrients has been integrated in these trials to improve the water usage effectiveness ({WUE}) methodology. Therefore, the crop yield and water-use and nutrients have been studied. The results show that the technique of Tied Ridges increased the yield up to 200\% whereas the Zaï technique increased the crop yield up to150\%. The Tied Ridges and the Zaï increased the efficiency of water and nutrients of 120\% and 105\% respectively. These technologies became also efficient to control weeds comparatively with local practice. These technologies deserve to be promoted and disseminated in arid areas.},
	journaltitle = {{VertigO}},
	shortjournal = {vertigo},
	author = {Bagula, Espoir Mukengere and Mapatano, Sylvain and Katcho, Karume and Mushagalusa, Nacigera Gustave},
	urldate = {2025-02-13},
	date = {2013},
	langid = {french},
	file = {PDF:C\:\\Users\\STEEVE\\Zotero\\storage\\8FKEKY79\\Bagula et al. - 2013 - Efficience des techniques de gestion de l’eau et de fertilité des sols sur le rendement du maïs dans.pdf:application/pdf},
}

@article{yannick_evaluation_nodate,
	title = {Evaluation des nouvelles variétés de maïs (Zea mays L.) en provenance de la firme Pannar dans les conditions climatiques de la région de Lubumbashi ({RD} Congo)},
	abstract = {Identification of new maize (Zea mays L.) elites varieties from Pannar seed Company in the climatic conditions of Lubumbashi. In the Katanga, in the peasant environment maize yield is very low than the big agricultural exploitations and in the stations of research. To solve the problem of deficit and dependence opposite the outside causing by low yield, the experimentations have been led to Kasapa farming to value effective varieties of maize. Fourteen varieties of corn exits of the Business Pannar, Republic South African have been valued. Every variety has been sowed as using a device in complete blocks randomized with three repetitions and these varieties has been compared to Unilu and Katanga varieties selected by the faculty of agricultural sciences/University of Lubumbashi and the Babungo variety selected by the {INERA}. All varieties tested in the soil and climate conditions of the city of Lubumbashi gave similar yields to those of the local witnesses. In the context of the province of the Katanga, the varieties adapted to the climatic conditions degenerated and don't permit to achieve some good yield, the effective variety selection will permit to put at the disposal of the peasants seeds of maize varieties with high yield.},
	author = {Yannick, Useni Sikuzani and Michel, Mpundu Mubemba and Kalilo, Kyungu and Louis, Baboy Longanza},
	langid = {french},
	file = {PDF:C\:\\Users\\STEEVE\\Zotero\\storage\\GHB4VHEG\\Yannick et al. - Evaluation des nouvelles variétés de maïs (Zea mays L.) en provenance de la firme Pannar dans les co.pdf:application/pdf},
}

@article{ricau_diagnostic_nodate,
	title = {{DIAGNOSTIC} {DE} {LA} {FILIERE} {MAÏS} {EN} {CÔTE} D’{IVOIRE}},
	author = {Ricau, Pierre},
	langid = {french},
	file = {PDF:C\:\\Users\\STEEVE\\Zotero\\storage\\KK6MZXVR\\Ricau - DIAGNOSTIC DE LA FILIERE MAÏS EN CÔTE D’IVOIRE.pdf:application/pdf},
}

@article{minvielle_filieres_nodate,
	title = {Filières de commercialisation des produits vivriers dans la région des Plateaux - Togo : analyse économique de la production du maïs :synthèse},
	author = {Minvielle, Jean-Paul and Ayeboua, A T},
	langid = {french},
	file = {PDF:C\:\\Users\\STEEVE\\Zotero\\storage\\XIBLTG7C\\Minvielle et Ayeboua - Filières de commercialisation des produits vivriers dans la région des Plateaux - Togo  analyse éco.pdf:application/pdf},
}

@report{ndoye_serie_2023,
	title = {Série {AAgWa} sur la prévision agricole},
	abstract = {La série de notes de synthèse sur la prévision de la production agricole réalisée par {AKADEMIYA}2063 vise à fournir, en temps opportun, des données plus précises sur les récoltes et le rendement de neuf produits agricoles majeurs dans près de 50 pays africains. Disposant ainsi, en temps voulu, d’un accès aisé à la grande quantité de données disponibles, les parties prenantes de l’ensemble de la chaîne de valeur pourront planifier et exécuter leurs actions politiques et commerciales de manière plus efficace. Les données publiées dans les notes de synthèse sont générées par l’outil Africa Crop Production ({AfCP}), un modèle prédictif basé sur l’intelligence artificielle ({IA}) et appliqué à des données géo-biophysiques de télédétection pour produire des estimations au niveau du pixel et au niveau administratif dès le début de chaque saison de croissance. Dans la note de synthèse Nº53, nous fournissons des prévisions de la production d’arachide au Sénégal.},
	institution = {{AKADEMIYA}2063},
	author = {Ndoye, Aissatou and Dia, Mansour and Dia, Khadim},
	urldate = {2025-02-13},
	date = {2023-08},
	langid = {french},
	doi = {10.54067/acpf.53/FR},
	file = {PDF:C\:\\Users\\STEEVE\\Zotero\\storage\\HQN4N32L\\Ndoye et al. - 2023 - Série AAgWa sur la prévision agricole.pdf:application/pdf},
}

@article{laougue_effets_nodate,
	title = {Effets de la variabilité climatique sur la production du maïs et de l’arachide dans le département du Mayo Dallah (1982 - 2021) au Tchad},
	abstract = {This study aims to determine the effects of climate variability on corn and peanut production in Mayo Dallah in Chad. The determination of these effects consisted of using a methodology based on the analysis of rainfall indices, the determination of break periods, the estimation of the effects of rainfall variations on agricultural production by calculating correlations and regressions between anomalies. Temperatures, rainfall and yields. The data used are rainfall data from (1982 - 2021) and agricultural production from 2008 - 2022. It appears from this study that the temperature and precipitation parameters which influence crop yields vary depending on agricultural speculation. This rainfall variability is marked by the late start, the early cessation of rains and the numerous dry sequences, which disrupt the program of agricultural producers and lead them to the adoption of a certain number of strategies.},
	author = {Laougue, Issa Justin and Pattalet, Gidibé},
	langid = {french},
	file = {PDF:C\:\\Users\\STEEVE\\Zotero\\storage\\ZSFWS9F7\\Laougue et Pattalet - Effets de la variabilité climatique sur la production du maïs et de l’arachide dans le département d.pdf:application/pdf},
}

@online{noauthor_preferencessync_nodate,
	title = {preferences:sync [Zotero Documentation]},
	url = {https://www.zotero.org/support/preferences/sync},
	urldate = {2025-02-13},
	file = {preferences\:sync [Zotero Documentation]:C\:\\Users\\STEEVE\\Zotero\\storage\\DR5YKYS7\\sync.html:text/html},
}

@online{noauthor_lafrique_nodate,
	title = {L’Afrique du Sud a produit 16,8 millions de tonnes de maïs en 2020/2021},
	url = {https://www.agenceecofin.com/cereales/2207-90320-l-afrique-du-sud-a-produit-16-8-millions-de-tonnes-de-mais-en-2020/2021},
	urldate = {2025-02-13},
	file = {L’Afrique du Sud a produit 16,8 millions de tonnes de maïs en 2020/2021:C\:\\Users\\STEEVE\\Zotero\\storage\\ET4XQ6XQ\\2021.html:text/html},
}
